% Encoding: UTF-8

@misc{tfg-ia-1,
	Author = {Jorge Quesada Mora},
	Date-Added = {2016-09-28 00:00:00 +0000},
	Date-Modified = {2016-10-04 00:00:00 +0000},
	Keywords = {AI, IA, Videojuego, Unity, Inteligencia Artificial, C#},
	Lastchecked = {07/02/2020},
	Title = {Desarrollo de la Inteligencia Artificial para un Videojuego de Estrategia en Tiempo Real},
	Url = {http://hdl.handle.net/10045/58493},
	Bdsk-Url-1 = {http://hdl.handle.net/10045/58493}}

@misc{tfg-ia-2,
	Author = {Álvaro Molina García},
	Date-Added = {2020-06-12 00:00:00 +0000},
	Date-Modified = {2020-06-26 00:00:00 +0000},
	Keywords = {Deep Reinforcement Learning, Videojuegos, Redes Neuronales, Inteligencia Artificial},
	Lastchecked = {07/02/2020},
	Title = {Inteligencia Artificial para Videojuegos con Deep Reinforcement Learning},
	Url = {http://hdl.handle.net/10045/107649},
	Bdsk-Url-1 = {http://hdl.handle.net/10045/107649}}

@misc{tfg-ia-3,
	Author = {Adrián Francés Lillo},
	Date-Added = {2019-06-19 00:00:00 +0000},
	Date-Modified = {2019-10-02 00:00:00 +0000},
	Keywords = {Inteligencia Artificial, Deep Learning, Aprendizaje profundo, Videojuegos, Tensorflow},
	Lastchecked = {07/02/2020},
	Title = {Artificial Intelligence for Videogames with Deep Learning},
	Url = {http://hdl.handle.net/10045/97007},
	Bdsk-Url-1 = {http://hdl.handle.net/10045/97007}}

@misc{tfg-ia-4,
	Author = {Rómulo Espinosa Montoya},
	Date-Added = {2014-09-08 00:00:00 +0000},
	Date-Modified = {2014-09-16 00:00:00 +0000},
	Keywords = {Inteligencia Artificial, Deep Learning, Aprendizaje profundo, Videojuegos, Tensorflow},
	Lastchecked = {07/02/2020},
	Title = {Proyecto Ummla},
	Url = {http://hdl.handle.net/10045/40301},
	Bdsk-Url-1 = {http://hdl.handle.net/10045/40301}}

@misc{CursoMotorC++,
	Author = {Francisco J. Gallego-Durán},
	Date-Added = {2019-11-21 00:00:00 +0000},
	Date-Modified = {2020-05-13 00:00:00 +0000},
	Keywords = {Motor de videojuegos, ECS, Componentes, Sistemas, Entidades, Curso, TinyPTC, Make, Makefile, C++},
	Lastchecked = {07/02/2020},
	Title = {Programación de videojuegos},
	Url = {https://www.youtube.com/playlist?list=PLmxqg54iaXrhTqZxylLPo0nov0OoyJqiS},
	Bdsk-Url-1 = {https://www.youtube.com/playlist?list=PLmxqg54iaXrhTqZxylLPo0nov0OoyJqiS}}

@misc{stb_truetype,
	Author = {Sean Barrett},
	Date-Added = {2020-07-13 00:00:00 +0000},
	Date-Modified = {2020-07-13 00:00:00 +0000},
	Keywords = {Renderizar texto, Header-only, stb, C},
	Lastchecked = {18/01/2021},
	Title = {stb truetype library},
	Url = {https://github.com/nothings/stb/blob/master/stb_truetype.h},
	Bdsk-Url-1 = {https://github.com/nothings/stb/blob/master/stb_truetype.h}}

@misc{DearImGui,
	Author = {Omar Cornut},
	Date-Added = {2020-04-03 00:00:00 +0000},
	Date-Modified = {2020-04-03 00:00:00 +0000},
	Keywords = {Creacion de menus, C++},
	Lastchecked = {08/04/2021},
	Title = {Dear ImGui},
	Url = {https://github.com/ocornut/imgui},
	Bdsk-Url-1 = {https://github.com/ocornut/imgui}}

@Book{LearningFromData,
	title     = {Learning from Data: A Short Course},
	publisher = {AMLbook.com},
	year      = {2012},
	author    = {Yaser Abu-Mostafa, Hsuan-Tien Lin, Malik Magdon-Ismail},
}
